@misc{open-source,
    author       = {Open Source},
    title        = {Open Source Definition},
	howpublished = {\url{https://opensource.org/osd}},
    note = {Última vez visitada 05 Noviembre 2021}
}

@misc{agricultura-40,
	author       = {AgroSpray},
	title        = {¿Qué es la agricultura 4.0?},
	howpublished = {\url{https://agrospray.com.ar/blog/agricultura-4-0/}},
	note = {Última vez visitada 06 Noviembre 2021}
}

@misc{revista-agraria,
	author       = {Revista Agropecuaria},
	title        = {Robots agrícolas ayudando a la agricultura},
	howpublished = {\url{http://www.revistaagricultura.com/maquinaria-agricola/maquinaria/robots-agricolas-ayudando-a-la-agricultura_13780_120_17170_0_1_in.html}},
	note = {Última vez visitada 06 Noviembre 2021}
}

@misc{fertri,
	author       = {Fertri},
	title        = {Pantallas térmicas},
	howpublished = {\url{https://fertri.com/accesorios-y-componentes/pantallas-termicas/}},
	note = {Última vez visitada 06 Noviembre 2021}
}

@misc{alarcontrol-sl,
	author       = {Alarcontrol S.L.},
	title        = {Alarcontrol S.L.},
	howpublished = {\url{https://www.alarcontrol.com/es/}},
	note = {Última vez visitada 06 Noviembre 2021}
}

@misc{nazaries,
	author       = {Nazaríes},
	title        = {Nazaríes, Tecnología Agrícola},
	howpublished = {\url{https://www.tecnologia-agricola.com/nosotros/}},
	note = {Última vez visitada 06 Noviembre 2021}
}

@misc{hortisys,
	author       = {Hispatec}, 
	title        = {Hortisys},
	howpublished = {\url{https://hortisys.es}},
	note = {Última vez visitada 06 Noviembre 2021}
}


@misc{sigfox,
	author       = {Sigfox España}, 
	title        = {Agricultura},
	howpublished = {\url{https://www.sigfox.es/agricultura}},
	note = {Última vez visitada 06 Noviembre 2021}
}

@misc{memoria-xmpp,
	author       = {Alberto José Juan Torres}, 
	title        = {Uso de XMPP para el transporte de información cooperativa y de contexto},
	howpublished = {\url{https://upcommons.upc.edu/bitstream/handle/2099.1/6907/memoria.pdf}},
	note = {Última vez visitada 06 Noviembre 2021}
}

@misc{pub-sub-solutions,
	author       = {Daniel Happ, Niels Karowski, Thomas Menzel}, 
	title        = {Meeting IoT platforms requirements with open pub/sub solutions},
	howpublished = {\url{https://link.springer.com/content/pdf/10.1007/s12243-016-0537-4.pdf}},
	note = {Última vez visitada 06 Noviembre 2021}
}

@misc{rabbitmq,
	author       = {RabbitMQ}, 
	title        = {RabbitMQ},
	howpublished = {\url{https://www.rabbitmq.com/}},
	note = {Última vez visitada 06 Noviembre 2021}
}

@misc{kafka,
	author       = {Kafka}, 
	title        = {Kafka},
	howpublished = {\url{https://kafka.apache.org/documentation/}},
	note = {Última vez visitada 06 Noviembre 2021}
}


@misc{kafka-rabbitmq-nats,
	author       = {Shavari T, Sowmya Nag K}, 
	title        = {A study on Modern Messaging Systems-Kafka, RabbitMQ and NATS Streaming},
	howpublished = {\url{https://arxiv.org/pdf/1912.03715.pdf}},
	note = {Última vez visitada 06 Noviembre 2021}
}

@misc{kafka-rabbitmq,
	author       = {Philippe Dobbelaere, Kyumars Sheykh Esmaili}, 
	title        = {Kafka versus RabbitMQ},
	howpublished = {\url{https://arxiv.org/pdf/1709.00333.pdf}},
	note = {Última vez visitada 06 Noviembre 2021}
}

@misc{dds-omg,
	author       = {OMG}, 
	title        = {Data Distribution Service},
	howpublished = {\url{https://www.omg.org/spec/DDSI-RTPS/2.3/PDF}},
	note = {Última vez visitada 06 Noviembre 2021}
}

@misc{ros2,
	author       = {ROS 2}, 
	title        = {ROS 2 Documentation: Foxy},
	howpublished = {\url{https://docs.ros.org/en/foxy/index.html}},
	note = {Última vez visitada 06 Noviembre 2021}
}

@misc{robonaut,
	author       = {ROS}, 
	title        = {ROS running on ISS},
	howpublished = {\url{https://www.ros.org/news/2014/09/ros-running-on-iss.html}},
	note = {Última vez visitada 06 Noviembre 2021}
}

@misc{fastdds,
	author       = {eProsima}, 
	title        = {Fast DDS},
	howpublished = {\url{https://www.eprosima.com/index.php/products-all/eprosima-fast-dds}},
	note = {Última vez visitada 06 Noviembre 2021}
}

@misc{connextdds,
	author       = {RTI}, 
	title        = {Connext Professional},
	howpublished = {\url{https://www.rti.com/products/connext-dds-professional}},
	note = {Última vez visitada 06 Noviembre 2021}
}

@misc{cyclonedds,
	author       = {Eclipse}, 
	title        = {Cyclone DDS},
	howpublished = {\url{https://cyclonedds.io/}},
	note = {Última vez visitada 06 Noviembre 2021}
}


@misc{clockify,
	author       = {Clockify}, 
	title        = {Clockify, Time tracking apps},
	howpublished = {\url{https://clockify.me/}},
	note = {Última vez visitada 11 Noviembre 2021}
}

@misc{salario,
	author       = {Talent}, 
	title        = {Salario medio para Ingeniero Informático en España 2021},
	howpublished = {\url{https://es.talent.com/salary?job=ingeniero+inform%C3%A1tico}},
	note = {Última vez visitada 11 Noviembre 2021}
}


@misc{novagric-invernadero,
	author       = {Novagric}, 
	title        = {Invernaderos Capilla},
	howpublished = {\url{https://www.novagric.com/es/venta-invernaderos-novedades/tipos-de-invernaderos/invernadero-capilla}},
	note = {Última vez visitada 06 Noviembre 2021}
}


@misc{topic,
	author       = {Vortex}, 
	title        = {Topics, Domains and Partitions},
	howpublished = {\url{http://download.prismtech.com/docs/Vortex/html/ospl/DDSTutorial/topics-etc.html#:~:text=A\%20Topic\%20represents\%20the\%20unit,a\%20set\%20of\%20QoS\%20policies.}},
	note = {Última vez visitada 07 Noviembre 2021}
}

@misc{qos-ros,
	author       = {ROS 2}, 
	title        = {About quality of Service Settings},
	howpublished = {\url{https://docs.ros.org/en/foxy/Concepts/About-Quality-of-Service-Settings.html}},
	note = {Última vez visitada 07 Noviembre 2021}
}

@misc{rclpy,
	author       = {ROS 2}, 
	title        = {Documentación Rclpy},
	howpublished = {\url{https://docs.ros2.org/latest/api/rclpy/api/node.html}},
	note = {Última vez visitada 07 Noviembre 2021}
}

@misc{micro-ros,
	author       = {micro-ROS}, 
	title        = {Documentación micro-ROS},
	howpublished = {\url{https://micro.ros.org/}},
	note = {Última vez visitada 07 Noviembre 2021}
}

@misc{free-rtos,
	author       = {FreeRTOS}, 
	title        = {FreeRTOS},
	howpublished = {\url{https://www.freertos.org/}},
	note = {Última vez visitada 07 Noviembre 2021}
}

@misc{docker,
	author       = {Docker}, 
	title        = {Docker},
	howpublished = {\url{https://www.docker.com/}},
	note = {Última vez visitada 07 Noviembre 2021}
}

@misc{firebase,
	author       = {Firebase}, 
	title        = {Documentación Firebase},
	howpublished = {\url{https://firebase.google.com/docs}},
	note = {Última vez visitada 07 Noviembre 2021}
}

@misc{sqlite3,
	author       = {SQLite3}, 
	title        = {SQLite3},
	howpublished = {\url{https://www.sqlite.org/index.html}},
	note = {Última vez visitada 07 Noviembre 2021}
}

@misc{fastapi,
	author       = {FastAPI}, 
	title        = {FastAPI},
	howpublished = {\url{https://fastapi.tiangolo.com/}},
	note = {Última vez visitada 07 Noviembre 2021}
}

@misc{uvicorn,
	author       = {Uvicorn}, 
	title        = {Uvicorn},
	howpublished = {\url{https://www.uvicorn.org/}},
	note = {Última vez visitada 07 Noviembre 2021}
}

@misc{angular,
	author       = {Angular}, 
	title        = {Angular},
	howpublished = {\url{https://angular.io/}},
	note = {Última vez visitada 07 Noviembre 2021}
}

@misc{material-angular,
	author       = {Material}, 
	title        = {Angular Material},
	howpublished = {\url{https://material.angular.io/}},
	note = {Última vez visitada 07 Noviembre 2021}
}

@misc{charts-google,
	author       = {Google}, 
	title        = {Charts},
	howpublished = {\url{https://developers.google.com/chart/}},
	note = {Última vez visitada 07 Noviembre 2021}
}

@misc{wireshark,
	author       = {Wireshark}, 
	title        = {Wireshark},
	howpublished = {\url{https://www.wireshark.org/}},
	note = {Última vez visitada 07 Noviembre 2021}
}



